
@book{Mu2012,
  title={Machine Learning: A Probabilistic Perspective},
  author={Murphy, K.P.},
  isbn={9780262018029},
  lccn={2012004558},
  series={Adaptive computation and machine learning},
  url={https://books.google.se/books?id=NZP6AQAAQBAJ},
  year={2012},
  publisher={MIT Press}
}


@book{Bi2006,
  title={Pattern Recognition and Machine Learning},
  author={Bishop, C.M.},
  isbn={9780387310732},
  lccn={2006922522},
  series={Information Science and Statistics},
  url={https://books.google.se/books?id=kTNoQgAACAAJ},
  year={2006},
  publisher={Springer}
}
